<record><leader>00000cas a2200000 a 4500</leader><controlfield tag="001">33155841</controlfield><controlfield tag="008">950919c19949999mnumr ne      0    0eng c</controlfield><datafield ind1=" " ind2=" " tag="010"><subfield code="a">sn 00062019 </subfield></datafield><datafield ind1=" " ind2=" " tag="040"><subfield code="a">XQF</subfield><subfield code="b">eng</subfield><subfield code="c">XQF</subfield><subfield code="d">CVF</subfield><subfield code="d">OCLCQ</subfield><subfield code="d">OCLCF</subfield><subfield code="d">OCLCO</subfield></datafield><datafield ind1="1" ind2=" " tag="029"><subfield code="a">AU@</subfield><subfield code="b">000021576258</subfield></datafield><datafield ind1=" " ind2=" " tag="042"><subfield code="a">pcc</subfield></datafield><datafield ind1=" " ind2=" " tag="043"><subfield code="a">n-us-mn</subfield></datafield><datafield ind1="0" ind2="0" tag="245"><subfield code="a">Nahgahchiwanong dibahjimowinnan.</subfield></datafield><datafield ind1="3" ind2="0" tag="246"><subfield code="a">Stories from the end of the big water</subfield></datafield><datafield ind1=" " ind2=" " tag="260"><subfield code="a">Cloquet, MN :</subfield><subfield code="b">Fond du Lac Reservation Business Committee,</subfield><subfield code="c">c1994-</subfield></datafield><datafield ind1=" " ind2=" " tag="300"><subfield code="a">v.</subfield></datafield><datafield ind1=" " ind2=" " tag="310"><subfield code="a">Monthly</subfield></datafield><datafield ind1="0" ind2=" " tag="362"><subfield code="a">1994-</subfield></datafield><datafield ind1="2" ind2="0" tag="610"><subfield code="a">Fond du Lac Band of Chippewa Indians</subfield><subfield code="v">Newspapers.</subfield></datafield><datafield ind1=" " ind2="0" tag="650"><subfield code="a">Indians of North America</subfield><subfield code="z">Minnesota</subfield><subfield code="v">Newspapers.</subfield></datafield><datafield ind1=" " ind2="0" tag="650"><subfield code="a">Ojibwa Indians</subfield><subfield code="v">Newspapers.</subfield></datafield><datafield ind1=" " ind2="0" tag="651"><subfield code="a">Cloquet (Minn.)</subfield><subfield code="v">Newspapers.</subfield></datafield><datafield ind1=" " ind2="7" tag="655"><subfield code="a">Newspapers.</subfield><subfield code="2">fast</subfield><subfield code="0">(OCoLC)fst01423814</subfield></datafield><datafield ind1="2" ind2="7" tag="610"><subfield code="a">Fond du Lac Band of Chippewa Indians.</subfield><subfield code="2">fast</subfield><subfield code="0">(OCoLC)fst00700777</subfield></datafield><datafield ind1=" " ind2="7" tag="650"><subfield code="a">Indians of North America.</subfield><subfield code="2">fast</subfield><subfield code="0">(OCoLC)fst00969633</subfield></datafield><datafield ind1=" " ind2="7" tag="650"><subfield code="a">Ojibwa Indians.</subfield><subfield code="2">fast</subfield><subfield code="0">(OCoLC)fst01045067</subfield></datafield><datafield ind1=" " ind2="7" tag="651"><subfield code="a">Minnesota.</subfield><subfield code="2">fast</subfield><subfield code="0">(OCoLC)fst01204560</subfield></datafield><datafield ind1=" " ind2="7" tag="651"><subfield code="a">Minnesota</subfield><subfield code="z">Cloquet.</subfield><subfield code="2">fast</subfield><subfield code="0">(OCoLC)fst01230475</subfield></datafield><datafield ind1="1" ind2=" " tag="710"><subfield code="a">Fond du Lac Band of Chippewa Indians.</subfield></datafield><datafield ind1=" " ind2=" " tag="752"><subfield code="a">United States</subfield><subfield code="b">Minnesota</subfield><subfield code="c">Carlton</subfield><subfield code="d">Cloquet.</subfield></datafield></record>